<record xmlns="http://www.loc.gov/MARC21/slim" xmlns:xsi="http://www.w3.org/2001/XMLSchema-instance" xsi:schemaLocation="http://www.loc.gov/MARC21/slim http://www.loc.gov/standards/marcxml/schema/MARC21slim.xsd"><leader>01243nam a2200253   4500</leader><controlfield tag="001">002820445</controlfield><controlfield tag="003">NNU</controlfield><controlfield tag="006">m        d        </controlfield><controlfield tag="007">cr cn |||m|||a</controlfield><controlfield tag="008">140707s1950    ua      ob    001 0 ara d</controlfield><datafield ind1=" " ind2=" " tag="040"><subfield code="a">NNU</subfield><subfield code="b">eng</subfield><subfield code="c">NNU</subfield></datafield><datafield ind1="1" ind2=" " tag="100"><subfield code="a">Sukk&#257;r&#299;, Ab&#363; al-Sa&#699;&#299;d al-&#7716;asan ibn al-&#7716;usayn,</subfield><subfield code="d">827 or 8-888 or 9.</subfield></datafield><datafield ind1="1" ind2="0" tag="245"><subfield code="a">Shar&#7717; d&#299;w&#257;n Ka&#699;b ibn Zuhayr</subfield><subfield code="h">[electronic resource] /</subfield><subfield code="c">&#7778;ana&#699;at Ab&#299; Sa&#699;&#299;d al-&#7716;asan ibn al-&#7716;usayn ibn &#699;Abd All&#257;h al-Sukk&#257;r&#299;.</subfield></datafield><datafield ind1=" " ind2=" " tag="260"><subfield code="a">al-Q&#257;hirah :</subfield><subfield code="b">D&#257;r al-Kutub al-Mi&#7779;r&#299;yah,</subfield><subfield code="c">1950.</subfield></datafield><datafield ind1=" " ind2=" " tag="300"><subfield code="a">online resource (26, 289 p.)</subfield></datafield><datafield ind1=" " ind2=" " tag="500"><subfield code="a">Part of the Arabic Collections Online (ACO) project, contributed by New York Univeristy Libraries.</subfield></datafield><datafield ind1=" " ind2=" " tag="504"><subfield code="a">Includes bibliographical references and indexes.</subfield></datafield><datafield ind1=" " ind2=" " tag="533"><subfield code="a">Electronic reproduction.</subfield><subfield code="b">New York, N.Y. :</subfield><subfield code="c">New York University,</subfield><subfield code="d">2014.</subfield><subfield code="5">NNU</subfield></datafield><datafield ind1="0" ind2="0" tag="600"><subfield code="a">Ka&#699;b ibn Zuhayr.</subfield><subfield code="t">D&#299;w&#257;n.</subfield></datafield><datafield ind1="2" ind2=" " tag="710"><subfield code="a">New York University.</subfield><subfield code="b">Libraries.</subfield></datafield><datafield ind1="0" ind2=" " tag="730"><subfield code="a">Arabic Collections Online.</subfield></datafield><datafield ind1="0" ind2="8" tag="776"><subfield code="i">Print version:</subfield><subfield code="a">Sukk&#257;r&#299;, Ab&#363; al-Sa&#699;&#299;d al-&#7716;asan ibn al-&#7716;usayn, 827 or 8-888 or 9.</subfield><subfield code="t">Shar&#7717; d&#299;w&#257;n Ka&#699;b ibn Zuhayr</subfield><subfield code="w">(NNU)002820445</subfield></datafield><datafield ind1="4" ind2="0" tag="856"><subfield code="u">http://hdl.handle.net/2333.1/3tx95zxz</subfield></datafield><datafield ind1=" " ind2=" " tag="959"><subfield code="a">NNU</subfield><subfield code="b">WEB</subfield><subfield code="c">GENI</subfield><subfield code="t">0</subfield><subfield code="m">Electronic access</subfield><subfield code="s">01</subfield></datafield></record>